%==============================================================================
% Model Driven Architecture (MDA)
%==============================================================================

@string{omg = "Object Management Group"}


% Specifications ==============================================================

@TechReport{MOF_14,
  author =       "{OMG}",
  TITLe =        {{Meta-Object Facility (MOF), Version 1.4}},
  institution =  omg,
  year =         "2002",
  number =       "2002-04-03",
}

@TechReport{MOF2IDL,
  author =       "{Fraunhofer Institute FOKUS}",
  TITLe =        {{MOF 2.0 IDL RFP, 1st Revised Submission}},
  institution =  omg,
  year =         "2003",
  number =       "2002-12-05",
}


@TechReport{JMI-1.0,
  author =       "{Ravi Dirckze}",
  TITLe =        {{Java Metadata Interface Specification}},
  institution =  "{Java Community Process}",
  year =         "2002",
  number =       "JSR 040",
}


@TechReport{UML_14,
  author =       "{OMG}",
  TITLe =        {{Unified Modeling Language (UML), Version 1.4}},
  institution =  omg,
  year =         "2001",
  number =       "2001-09-67",
}

@TechReport{UML_20_Infrastructure,
  author =       "{OMG}",
  TITLe =        {{UML Infrastructure, Version 2.0 }},
  institution =  omg,
  year =         "2002",
  number =       "2002-09-01",
}

@TechReport{UML_20_Superstructure,
  author =       "{OMG}",
  TITLe =        {{UML Superstructure, Version 2.0}},
  institution =  omg,
  year =         "2002",
  number =       "2002-09-02",
}

@TechReport{UML-CORBA-Profile,
  author =       "{OMG}",
  TITLe =        {{UML Profile for CORBA}},
  institution =  omg,
  year =         "2002",
  number =       "02-04-01",
}

@TechReport{UML-EJB-Profile,
  author =       "Jack Greenfield",
  TITLe =        {{UML Profile for EJB, Public Draft}},
  institution =  "Rational Software Corporation",
  year =         "2001",
  number =       "JSR-000026",
}


@TechReport{UML-CCM-Profile,
  author =       "{OMG}",
  TITLe =        {{UML Profile for CORBA Components}},
  institution =  omg,
  year =         "2004",
  number =       "04-03-04",
}



@TechReport{UML-EDOC-Profile,
  author =       "{OMG}",
  TITLe =        {{UML Profile for Enterprise Distributed Object Computing Specification}},
  institution =  omg,
  year =         "2002",
  number =       "02-02-05",
}

@TechReport{UML-EAI-Profile,
  author =       "{OMG}",
  TITLe =        {{UML Profile and Interchange Models for Enterprise Application Integration (EAI) Specification}},
  institution =  omg,
  year =         "2002",
  number =       "02-02-02",
}

@TechReport{OCL_20,
  author =       "{OMG}",
  TITLe =        {{Response to the UML 2.0 OCL RfP (ad/2000-09-03)}},
  institution =  omg,
  year =         "2003",
  number =       "2003-01-07",
}


@TechReport{XMI_12,
  author =       "{OMG}",
  TITLe =        {{XML Metadata Interchange (XMI), Version 1.2}},
  institution =  omg,
  year =         "2002",
  number =       "2002-01-01",
}

@TechReport{XSLT_10,
  author =       "W3C",
  title =        {{XSL Transformations (XSLT) Version 1.0}},
  institution =  "W3C",
  year =         "1999",
  number =       "19991116",
}

@TechReport{CWM_10,
  author =       "{OMG}",
  title =        {{Common Warehouse Metamodel specification, Version 1.0}},
  institution =  omg,
  year =         "2001",
  number =       "01-02-01",
}


% Reports =====================================================================

@TechReport{MDA,
  author =       "{OMG}",
  TITLe =        {{Model Driven Architecture (MDA)}},
  institution =  omg,
  year =         "2001",
  number =       "2001-07-01",
}


% Books =======================================================================

@Book{Frankel2003,
  author =       "David S. Frankel",
  title =        {{Model Driven Architecture, Applying MDA to Enterprise Computing}},
  publisher =    "John Wiley \& Sons",
  year =         2003,                     
  series =       "",
  holder =       ""
}

@Book{UML2_Glasklar,
  author =       {Mario Jeckle and Chris Rupp and J\"urgen Hahn and Barbara Zengler and Stefan Queins},
  title =        {{UML 2 glasklar}},
  publisher =    "Hanser",
  year =         2004,                     
  series =       "",
  holder =       ""
}

@Book{OCL,
  author =       "Jos Warmer and Anneke Kleppe",
  title =        {{The Object Constraint Language, Second Edition}},
  publisher =    "Addison Wesley",
  year =         2003,                     
  series =       "",
  ISBN =         "0 32 117936 6",
}


% Articles ====================================================================

@TechReport{ Siegel2002,
  author =       "{Jon Siegel}",
  TITLe =        {{Using OMG's Model Driven Architecture (MDA) to Integrate Web Services}},
  institution =  omg,
  year =         "2002",
  number =       "",
}



% Papers ======================================================================

@ARTICLE{ Bezivin2001,
   author =     {Jean B\'ezivin},
   title =      {{From Object Composition to Model Transformation with the MDA}},
   school =     {University of Nantes},
   address =    {France},
   journal =    {Proceedings of TOOLS},
   year =       2001,
}

@ARTICLE{ Mellor2003,
   author =     {Stephen J. Mellor and Anthony N. Clark and Takao Futagami},
   title =      {{Model--Driven Development}},
   school =     {},
   address =    {},
   journal =    {IEEE Software},
   year =       2003,
}








