%%%%% $Header$

@STRING{IEEE-SE = {IEEE Transactions on Software Engineering}}
@STRING{IEEE-COMP = {IEEE Transactions on Computers}}
@STRING{IEEE-PROC = {Proceedings of the IEEE}}
@STRING{AW = {Addison-Wesely}}
@STRING{AW-addr = {Reading, MA}}
@STRING{OR = {O Reilly \& Associates Inc.}}
@STRING{OR-addr = {Sebastopol, CA}}


@inproceedings{TMKKW-EUROMICRO:2002,
   author    = {Egon Teiniker and Stefan Mitterdorfer and Christian Kreiner and Zsolt Kov\'acs and Reinhold Weiss},
   editor    = {Ivica Crnkovic and Gerhard Fohler},
   title     = {{Local Components and Reuse of Legacy Code in the CORBA Component Model}},
   booktitle = {EUROMICRO 2002, Component-Based Software Engineering Track, Dortmund, Germany, Sept. 4-6, 2002},
   pages     = {4-9},
   year      = {2002},
   publisher = {IEEE Computer Society},
   address   = {Los Alamitos, CA},
}

@inproceedings{TMKKW-TCMS:2003,
   author    = {Egon Teiniker and Stefan Mitterdorfer Egon Teiniker and Christian Kreiner and Zsolt Kov\'acs and Reinhold Weiss},
   editor    = {},
   title     = {{A Model Driven Component Framework for Mobile Computing}},
   booktitle = {tcms 2003, International Conference on Telecommunications and Mobile Computing, Graz, Austria, March 11-12},
   pages     = {-},
   year      = {2003},
   publisher = {Austrian Electrotechnical Association (OVE)},
   address   = {Vienna, Austria},
   ISBN      = {3-85133-029-3},
}

@inproceedings{TKKKW-MIDDLEWARE:2003,
   author    = {Egon Teiniker and Stefan Mitterdorfer and Leif M. Johnson and Christian Kreiner and Zsolt Kov\'acs and Reinhold Weiss},
   editor    = {},
   title     = {{Assemblies of Local and Remote Components in the CORBA Component Model}},
   booktitle = {Middleware 2003,  ACM - International Middleware Conference, Rio de Janeiro, Brazil, Juni 16-20, Workshop Proceedings},
   pages     = {333},
   year      = {2003},
   publisher = {},
   address   = {},
   ISBN      = {},
}



@inproceedings{TKKKW-COMPSAC:2003,
   author    = {Egon Teiniker and Stefan Mitterdorfer and Leif M. Johnson and Christian Kreiner and Zsolt Kov\'acs and Reinhold Weiss},
   editor    = {},
   title     = {{A Test-Driven Component Development Framework based on the CORBA Component Model}},
   booktitle = {COMPSAC 2003,  27th International Computer Software and Applications Conference Dallas/Texas, USA, Nov. 3-6},
   pages     = {400-405},
   year      = {2003},
   publisher = {},
   address   = {},
   ISBN      = {},
}

