%==============================================================================
% Software Engineering
%==============================================================================

@string{omg = "Object Management Group"}


% Specifications ==============================================================
@TechReport{XSLT_10,
  author =       "W3C",
  title =        "{XSL Transformations (XSLT) Version 1.0}",
  institution =  "W3C",
  year =         "1999",
  number =       "19991116",
}




% Books =======================================================================

@Book{Beck2003TDD,
  author =       "Kent Beck",
  title =        {{Test-Driven Development by Example}},
  publisher =    "Addison Wesley",
  year =         2003,                     
  series =       "",
  holder =       "book"
}


@Book{Beck2000XP,
  author =       "Kent Beck",
  title =        {{Extreme Programming Explained Embrace Change}},
  publisher =    "Addison Wesley",
  year =         2000,                     
  series =       "",
  holder =       "book"
}

@Book{Martin2003Agile,
  author =       "Robert Cecil Martin",
  title =        {{Agile Software Development. Principles, Patterns, and Practices}},
  publisher =    "US Imports \& PHIPEs",
  year =         2003,                     
  series =       "",
  holder =       "book"
}


@Book{ZNotation,
  author =       "J. M. Spivey",
  title =        {{The Z Notation, A Reference Manual}},
  publisher =    "Prentice Hall",
  year =         1992,                     
  series =       "",
  holder =       "book"
}


% Papers ======================================================================


@ARTICLE{ Boehm2002,
   author =     {Barry Boehm},
   title =      {{Get Ready for Agile Methods, with Care}},
   school =     {University of Southern California},
   address =    { },
   journal =    {IEEE Computer},
   year =       2002,
}









