%==============================================================================
% Pattern References 
%==============================================================================


% Specifications ==============================================================

% Books =======================================================================

@Book{Gamma95,
  author =       "Erich Gamma and Richard Helm and Ralph Johnson and
                 John Vlissides",
  title =        "Design Patterns",
  publisher =    aw,
  address =      "Reading, MA",
  year =         "1995",
  keywords =     "olit-oose design-patterns reuse book scglib sclit",
  ISBN =         "0-201-63361-2-(3)",
}


@Book{Marinescu02,
  author =       "Floyd Marinescu",
  title =        "EJB Design Patterns: Advanced Patterns, Processes and Idioms",
  publisher =    "Wiley Computer Publishing",
  address =      "",
  year =         "2002",
  keywords =     "",
  ISBN =         "",
}


@Book{POSA1,
  author =       "Frank Buschmann and Regine Meunier and Hans Rohnert and Peter Sommerlad and Michael Stal",
  title =        "Pattern--Oriented Software Architecture: A System of Patterns",
  publisher =    "John Wiley \& Sons",
  address =      "",
  year =         "1996",
  keywords =     "",
  ISBN =         "0 471 95869 7",
}

@Book{POSA2,
  author =       "Douglas Schmidt and Michael Stal and Hans Rohnert and Frank Buschmann",
  title =        "Pattern--Oriented Software Architecture Volume 2: Patterns for Concurrent and Networked Objects",
  publisher =    "John Wiley \& Sons",
  address =      "",
  year =         "2000",
  keywords =     "",
  ISBN =         "0 471 60695 2",
}

@Book{ServerComponentPatterns02,
  author =       "Markus Volter and Alexander Schmid and Eberhard Wolff",
  title =        "Server Component Patterns, Component Infrastructures Illustrated with EJB",
  publisher =    "John Wiley \& Sons",
  address =      "",
  year =         "2002",
  keywords =     "",
  ISBN =         "0 470 84319 5",
}

@Book{PatternsOfEnterpriseApplicationArchitecture03,
  author =       "Martin Fowler",
  title =        "Patterns of Enterprise Application Architecture",
  publisher =    "Addison Wesly",
  address =      "",
  year =         "2003",
  keywords =     "",
  ISBN =         "0 321 12742 0",
}


@Book{J2EECorePatterns,
  author =       "Deepak Alur and John Crupi and Dan Malks",
  title =        "Core J2EE Patterns. Best Practice and Design Strategies, Second Edition",
  publisher =    "Prentice Hall",
  address =      "",
  year =         "2003",
  keywords =     "",
  ISBN =         "0 13 142246 4",
}




% Papers ======================================================================






