%==============================================================================
% Software Engineering
%==============================================================================

@string{omg = "Object Management Group"}


% Specifications ==============================================================
@TechReport{XSLT_10,
  author =       "W3C",
  title =        "{XSL Transformations (XSLT) Version 1.0}",
  institution =  "W3C",
  year =         "1999",
  number =       "19991116",
}



%==============================================================================
% Books
%==============================================================================

@Book{SE-Sommerville-2004,
  author =       "Ian Sommerville",
  title =        {{Software Engineering, Seventh Edition}},
  publisher =    "Addison Wesley",
  year =         2004,                     
  series =       "",
  ISBN =         "0 321 21026 3",
}

@Book{OOSC97,
  author =       "Bertrand Meyer",
  title =        {{Object-Oriented Software Construction}},
  publisher =    "Prentice Hall",
  year =         1997,                     
  series =       "",
  ISBN =         "0 13 629155 4",
}

@Book{Agile-Cockburn-2002,
  author =       "Alistair Cockburn",
  title =        {{Agile Software Development}},
  publisher =    "Addison Wesley",
  year =         2002,                     
  series =       "",
  ISBN =         "0 201 69969 9 ",
}

@Book{Agile-Martin-2003,
  author =       "Robert C. Martin",
  title =        {{Agile Software Development. Principles, Patterns and Practices}},
  publisher =    "Prentice Hall",
  year =         2003,                     
  series =       "",
  ISBN =         "0 13 597444 5",
}




% Papers ----------------------------------------------------------------------

@inproceedings{Royce1970,
   author    = {Winston W. Royce},
   editor    = {},
   title     = {{Managing the development of large software systems: concepts and techniques}},
   booktitle = {Proceedings of IEEE WESTCON},
   pages     = {},
   year      = {1970},
   publisher = {},
   address   = {},
   ISBN      = {}
}

@inproceedings{Boehm1988,
   author    = {Barry W. Boehm},
   editor    = {},
   title     = {{A spiral model of software development and enhancement}},
   booktitle = {IEEE Computer},
   pages     = {61-72},
   year      = {1988},
   publisher = {},
   address   = {},
   ISBN      = {}
}

@inproceedings{Meyer03,
   author    = {Bertrand Meyer},
   editor    = {},
   title     = {{The Grand Challenge of Trusted Components}},
   booktitle = {Proceedings of 25th International Conference on Software Engineering ICSE},
   pages     = {660-667},
   year      = {2003},
   publisher = {},
   address   = {},
   ISBN      = {}
}

@inproceedings{Meyer92,
   author    = {Bertrand Meyer},
   editor    = {},
   title     = {{Applying 'Design by Contract'}},
   booktitle = {IEEE Computer, Volume: 25 , Issue: 10 },
   pages     = {40-51},
   year      = {1992},
   publisher = {},
   address   = {},
   ISBN      = {}
}

@inproceedings{Ploesch99,
   author    = {Reinhold Pl\"osch and Josef Pichler},
   editor    = {},
   title     = {{Contracts: From Analysis to C++ Implementation}},
   booktitle = {Proceedings of 30th Technology of Object-Oriented Languages and Systems Conference TOOLS},
   pages     = {248-257},
   year      = {1999},
   publisher = {},
   address   = {},
   ISBN      = {}
}

@inproceedings{Kramer98,
   author    = {Reto Kramer},
   editor    = {},
   title     = {{iContract-The Java Design by Contract Tool}},
   booktitle = {Proceedings of 26th Technology of Object-Oriented Languages and Systems Conference TOOLS},
   pages     = {295-307},
   year      = {1998},
   publisher = {},
   address   = {},
   ISBN      = {}
}

@inproceedings{LiuCunningham02,
   author    = {Yi Liu and Conrad H. Cunningham},
   editor    = {},
   title     = {{Software Component Specification Using Design by Contract}},
   booktitle = {SoutEast Software Engineering Conference},
   pages     = {},
   year      = {2002},
   publisher = {},
   address   = {},
   ISBN      = {}
}

%==============================================================================
% Extreme Programming, Agile Development, Test Driven, etc. 
%==============================================================================


% Books =======================================================================

@Book{Beck2003TDD,
  author =       "Kent Beck",
  title =        {{Test-Driven Development by Example}},
  publisher =    "Addison Wesley",
  year =         2003,                     
  series =       "",
  holder =       "book"
}


@Book{Beck2000XP,
  author =       "Kent Beck",
  title =        {{Extreme Programming Explained Embrace Change}},
  publisher =    "Addison Wesley",
  year =         2000,                     
  series =       "",
  holder =       "book"
}

@Book{Martin2003Agile,
  author =       "Robert Cecil Martin",
  title =        {{Agile Software Development. Principles, Patterns, and Practices}},
  publisher =    "US Imports \& PHIPEs",
  year =         2003,                     
  series =       "",
  holder =       "book"
}


@Book{Scrum2002,
  author =       "Schwaber K. and Beedle M.",
  title =        {{Scrum: Agile Software Development}},
  publisher =    "Prentice Hall",
  year =         2002,                     
  series =       "",
  holder =       "book"
}



% Papers ======================================================================


@ARTICLE{ Boehm2002,
   author =     {Barry Boehm},
   title =      {{Get Ready for Agile Methods, with Care}},
   school =     {University of Southern California},
   address =    { },
   journal =    {IEEE Computer},
   year =       2002,
}



%==============================================================================
% Formale Methoden 
%==============================================================================

@Book{ZNotation,
  author =       "J. M. Spivey",
  title =        {{The Z Notation, A Reference Manual}},
  publisher =    "Prentice Hall",
  year =         1992,                     
  series =       "",
  holder =       "book"
}



