%%%%% $Header$

@STRING{IEEE-SE = {IEEE Transactions on Software Engineering}}
@STRING{IEEE-COMP = {IEEE Transactions on Computers}}
@STRING{IEEE-PROC = {Proceedings of the IEEE}}
@STRING{AW = {Addison-Wesely}}
@STRING{AW-addr = {Reading, MA}}
@STRING{OR = {O Reilly \& Associates Inc.}}
@STRING{OR-addr = {Sebastopol, CA}}


@inproceedings{MKKW-AI:2001,
   author    = {Stefan Mitterdorfer and Christian Kreiner and Zsolt Kovacs and Reinhold Weiss},
   editor    = {M.H. Hamza},
   title     = {{Dynamic asynchronous method invocation for JAVA applications based on automatically runtime generated proxy classes}},
   booktitle = {IASTED Applied Informatics Conference 2001, Innsbruck, Austria, Feb., 2001},
   pages     = {590-595},
   year      = {2001},
   publisher = {ACTA Press},
   address   = {Calgary, AB, Canada},
   ISBN      = {0-88986-320-2} 
}

@inproceedings{MTKKW-CATA:2002,
   author    = {Stefan Mitterdorfer and Egon Teiniker and Christian Kreiner and Zsolt Kov\'acs and Reinhold Weiss},
   editor    = {Rex Gantenbein and Sung Y. Shin},
   title     = {{A UML Model to Relational Database Mapping for Dynamic CORBA Component Model Persistency}},
   booktitle = {17th Intl. Conference on Computers and Their Applications, San Francisco, CA, April 4-6, 2002},
   pages     = {43-48},
   year      = {2002},
   publisher = {ISCA},
   address   = {Cary, NC},
   ISBN      = {1-880843-42-0}
}




@inproceedings{TMKKW-EUROMICRO:2002:LONG,
   author    = {Egon Teiniker and Stefan Mitterdorfer and Christian Kreiner and Zsolt Kov\'acs and Reinhold Weiss},
   editor    = {Ivica Crnkovic and Gerhard Fohler},
   title     = {{Local Components and Reuse of Legacy Code in the CORBA Component Model}},
   booktitle = {EUROMICRO 2002, Component-Based Software Engineering Track, Dortmund, Germany, Sept. 4-6, 2002},
   pages     = {4-9},
   year      = {2002},
   publisher = {IEEE Computer Society},
   address   = {Los Alamitos, CA},
}


@inproceedings{TMKKW-EUROMICRO:2002,
   author    = {Egon Teiniker and Stefan Mitterdorfer and Christian Kreiner and Zsolt Kov\'acs and Reinhold Weiss},
   editor    = {},
   title     = {{Local Components and Reuse of Legacy Code in the CORBA Component Model}},
   booktitle = {EUROMICRO 2002, Dortmund, Germany, Sept. 4-6, 2002},
   pages     = {4-9},
   year      = {2002},
   publisher = {},
   address   = {},
}






@inproceedings{MTKKW-ISDB:2002,
   author    = {Stefan Mitterdorfer and Egon Teiniker and Christian Kreiner and Zsolt Kov\'acs and Reinhold Weiss},
   editor    = {Yasushi Kiyoki and Masatoshi Yoshikawa and Katsumi Tanaka},
   title     = {{A CORBA Persistent State Service Based On A UML Model To A Relational Database Mapping }},
   booktitle = {ISDB 2002, International Conference on Information Systems and Databases,Tokyo, Japan, Sept. 25-27},
   pages     = {55-60},
   year      = {2002},
   publisher = {ACTA Press},
   address   = {Calgary, AB, Canada},
   ISBN      = {0-88986-362-8},
}


@inproceedings{MTKKW-SEA:2002,
   author    = {Stefan Mitterdorfer and Egon Teiniker and Christian Kreiner and Zsolt Kov\'acs and Reinhold Weiss},
   editor    = {M.H. Hamza},
   title     = {{A New Design Of An Object Navigation Query Notation}},
   booktitle = {SEA 2002, International Conference on Software Engineering and Applications, Cambridge, USA, Nov. 4-6},
   pages     = {156-161},
   year      = {2002},
   publisher = {ACTA Press},
   address   = {Calgary, AB, Canada},
   ISBN      = {0-88986-323-7},
}



@inproceedings{MTKKW-TCMS:2003,
   author    = {Stefan Mitterdorfer and Egon Teiniker and Christian Kreiner and Zsolt Kov\'acs and Reinhold Weiss},
   editor    = {},
   title     = {{Presentation Independent User Interface Architecture for Mobile}},
   booktitle = {tcms 2003, International Conference on Telecommunications and Mobile Computing, Graz, Austria, March 11-12},
   pages     = {-},
   year      = {2003},
   publisher = {Austrian Electrotechnical Association (OVE)},
   address   = {Vienna, Austria},
   ISBN      = {3-85133-029-3},
}


@inproceedings{TMKKW-TCMS:2003,
   author    = {Egon Teiniker and Stefan Mitterdorfer and Christian Kreiner and Zsolt Kov\'acs and Reinhold Weiss},
   editor    = {},
   title     = {{A Model Driven Component Framework for Mobile Computing}},
   booktitle = {tcms 2003, International Conference on Telecommunications and Mobile Computing, Graz, Austria, March 11-12},
   pages     = {},
   year      = {2003},
   publisher = {Austrian Electrotechnical Association (OVE)},
   address   = {Graz, Austria},
   ISBN      = {},
}


@inproceedings{MTKKW-SEA:2003,
   author    = {Stefan Mitterdorfer and Egon Teiniker and Christian Kreiner and Zsolt Kov\'acs and Reinhold Weiss},
   editor    = {M.H. Hamza},
   title     = {{A Pattern based Presentation Independent User Interface Architecture}},
   booktitle = {SEA 2003, International Conference on Software Engineering and Applications, Marina del Rey, CA, USA, Nov. 3-5},
   pages     = {641-644},
   year      = {2003},
   publisher = {ACTA Press},
   address   = {Calgary, AB, Canada},
   ISBN      = {0-88986-394-6},
}



@inproceedings{TKKKW-MIDDLEWARE:2003:LONG,
   author    = {Egon Teiniker and Stefan Mitterdorfer and Leif M. Johnson and Christian Kreiner and Zsolt Kov\'acs and Reinhold Weiss},
   editor    = {},
   title     = {{Assemblies of Local and Remote Components in the CORBA Component Model}},
   booktitle = {Middleware 2003,  ACM - International Middleware Conference, Rio de Janeiro, Brazil, Juni 16-20, Workshop Proceedings},
   pages     = {333},
   year      = {2003},
   publisher = {},
   address   = {},
   ISBN      = {},
}

@inproceedings{TKKKW-MIDDLEWARE:2003,
   author    = {Egon Teiniker and Stefan Mitterdorfer and Leif M. Johnson and Christian Kreiner and Zsolt Kov\'acs and Reinhold Weiss},
   editor    = {},
   title     = {{Assemblies of Local and Remote Components in the CORBA Component Model}},
   booktitle = {Middleware 2003, Rio de Janeiro, Brazil, Juni 16-20, Workshop Proceedings},
   pages     = {333},
   year      = {2003},
   publisher = {},
   address   = {},
   ISBN      = {},
}


@inproceedings{TKKKW-COMPSAC:2003:LONG,
   author    = {Egon Teiniker and Stefan Mitterdorfer and Leif M. Johnson and Christian Kreiner and Zsolt Kov\'acs and Reinhold Weiss},
   editor    = {},
   title     = {{A Test-Driven Component Development Framework based on the CORBA Component Model}},
   booktitle = {COMPSAC 2003,  27th International Computer Software and Applications Conference Dallas/Texas, USA, Nov. 3-6},
   pages     = {400-405},
   year      = {2003},
   publisher = {},
   address   = {},
   ISBN      = {},
}


@inproceedings{TKKKW-COMPSAC:2003,
   author    = {Egon Teiniker and Stefan Mitterdorfer and Leif M. Johnson and Christian Kreiner and Zsolt Kov\'acs and Reinhold Weiss},
   editor    = {},
   title     = {{A Test-Driven Component Development Framework based on the CORBA Component Model}},
   booktitle = {COMPSAC 2003, Dallas, Texas USA, Nov. 3-6},
   pages     = {400-405},
   year      = {2003},
   publisher = {},
   address   = {},
   ISBN      = {},
}




@inproceedings{MTKKW-CAINE:2003:LONG,
   author    = {Stefan Mitterdorfer and Egon Teiniker and Christian Kreiner and Zsolt Kov\'acs and Reinhold Weiss},
   editor    = {E. Nygard},
   title     = {{XMI based Model Linking}},
   booktitle = {CAINE 2002, International Conference on Computer Applications in Industry and Engineering, Las Vegas, Nevada USA, Nov. 11-13},
   pages     = {322-325},
   year      = {2003},
   publisher = {ISCA},
   address   = {Cary, NC},
   ISBN      = {1-880843-49-8},
}


@inproceedings{MTKKW-CAINE:2003,
   author    = {Stefan Mitterdorfer and Egon Teiniker and Christian Kreiner and Zsolt Kov\'acs and Reinhold Weiss},
   editor    = {},
   title     = {{XMI based Model Linking}},
   booktitle = {CAINE 2002, Las Vegas, Nevada USA, Nov. 11-13},
   pages     = {322-325},
   year      = {2003},
   publisher = {},
   address   = {},
   ISBN      = {1-880843-49-8},
}




@inproceedings{MTKKW-CATA:2004,
   author    = {Stefan Mitterdorfer and Egon Teiniker and Christian Kreiner and Zsolt Kov\'acs and Reinhold Weiss},
   editor    = {Rex Gantenbein},
   title     = {{Metamodel Code Generation for a Model Driven Architecture}},
   booktitle = {19th Intl. Conference on Computers and Their Applications, Seattle, USA, March 18-20, 2004},
   pages     = {},
   year      = {2004},
   publisher = {ISCA},
   address   = {Cary, NC},
   ISBN      = {},
}





@inproceedings{STMKKW-EUROMICRO:2004:LONG,
   author    = {Gernot Schmoelzer and Egon Teiniker and Stefan Mitterdorfer and Christian Kreiner and Zsolt Kov\'acs and Reinhold Weiss},
   editor    = {Ivica Crnkovic and Gerhard Fohler},
   title     = {{Model--Driven Development of Recursive CORBA Component Assemblies}},
   booktitle = {EUROMICRO 2004, Component-Based Software Engineering Track, Rennes, France, Sept. 1-3, 2004},
   pages     = {170-175},
   year      = {2004},
   publisher = {IEEE Computer Society},
   address   = {Los Alamitos, CA},
}


@inproceedings{STMKKW-EUROMICRO:2004,
   author    = {Gernot Schmoelzer and Egon Teiniker and Stefan Mitterdorfer and Christian Kreiner and Zsolt Kov\'acs and Reinhold Weiss},
   editor    = {},
   title     = {{Model--Driven Development of Recursive CORBA Component Assemblies}},
   booktitle = {EUROMICRO 2004, Rennes, France, Sept. 1-3, 2004},
   pages     = {170-175},
   year      = {2004},
   publisher = {},
   address   = {},
}


@inproceedings{SMKFKTW-HICSS:2005,
   author    = {Gernot Schmoelzer and Stefan Mitterdorfer and Christian Kreiner and Joerg Faschingbauer and Zsolt Kov\'acs and Egon Teiniker  and Reinhold Weiss},
   editor    = {},
   title     = {{The Entity Container - An Object-Oriented and Model-Driven Persistency Cache}},
   booktitle = {HICSS 2005, Big Island, Hawaii, Jan. 3-6, 2005},
   pages     = {277b - 277b},
   year      = {2005},
   publisher = {},
   address   = {},
}


@inproceedings{TLSKKW-COMPSAC:2005,
   author    = {Egon Teiniker and Robert Lechner and Gernot Schmoelzer and Christian Kreiner and Zsolt Kov\'acs and Reinhold Weiss},
   editor    = {},
   title     = {{Towards a Contract Aware CORBA Component Container}},
   booktitle = {COMPSAC 2005,  29th International Computer Software and Applications Conference Edinburgh, Scotland, July 25-28},
   pages     = {},
   year      = {2005},
   publisher = {},
   address   = {},
   ISBN      = {},
}

@inproceedings{TSKFW-EUROMICRO:2005,
   author    = {Egon Teiniker and Gernot Schmoelzer and Christian Kreiner and Joerg Faschingbauer and Reinhold Weiss},
   editor    = {},
   title     = {{A Hybrid Component--Based System Development Process}},
   booktitle = {EUROMICRO 2005, Porto, Portugal, Aug. 30 - Sep. 3},
   pages     = {},
   year      = {2005},
   publisher = {},
   address   = {},
}







@misc{ ccmtools,
  author =       "Egon Teiniker and Leif M. Johnson and Robert Lechner",
  title =        {{CCM Tools Project, http://ccmtools.sourceforge.net}},
  year =        "2002 - 2005",
  url =         "http://ccmtools.sourceforge.net",
}

@misc{ magicdraw,
  author =       "No Magic, Inc",
  title =        {{Magicdraw}},
  year =        "2005",
  url =         "http://www.magicdraw.com/",
}

@misc{ mico,
  author =      "Kay Roemer and Arno Puder and Frank Pilhofer",
  title =       {{MICO Is CORBA (MICO), http://mico.org}},
  year =        "1999 - 2005",
  url =         "http://mico.org/",
}

@misc{ gentoo,
  author =       "Gentoo Foundation, Inc. ",
  title =        {{Gentoo Linux http://www.gentoo.org}},
  year =        "2001 - 2005",
  url =         "http://www.gentoo.org",
}

@misc{ gnu,
  author =       "GNU's Not UNIX",
  title =        {{The GNU Project http://www.gnu.org}},
  year =        "1984 - 2005",
  url =         "http://www.gnu.org",
}