%==============================================================================
% Distributed Object Computing References
%==============================================================================

@string{omg = "Object Management Group"}
@string{aw = "Addison-Wesley"}


% Specifications ==============================================================
@TechReport{OMGCORBA2_4,
  author =       "OMG",
  title =        "{The Common Object Request Broker: Architecture and Specification}",
  institution =  omg,
  year =         "2001",
  number =       "01-02-01",
}

@TechReport{OMGInterfaceRepository,
  author =       "{OMG}",
  title =        "{Interface Repository}",
  institution =  omg,
  year =         "2001",
  number =       "01-02-46",
}

@TechReport{OMGXMI,
  author =       "OMG",
  title =        "{XML Metadata Interchange (XMI) Specification}",
  institution =  omg,
  year =         "2000",
  number =       "00-11-02",
}

% CORBA Services --------------------------------------------------------------

@TechReport{OMGNamingService,
  author =       "OMG",
  title =        "{Naming Service Specification}",
  institution =  omg,
  year =         "2001",
  number =       "01-02-65",
}

@TechReport{OMGTransactionService,
  author =       "OMG",
  title =        "{Transaction Service Specification}",
  institution =  omg,
  year =         "2001",
  number =       "01-05-02",
}

@TechReport{OMGPersistentStateService,
  author =       "OMG",
  title =        "{Persistent State Service 2.0}",
  institution =  omg,
  year =         "1999",
  number =       "99-07-07",
}

@TechReport{OMGSecurityService,
  author =       "OMG",
  title =        "{Security Service Specification}",
  institution =  omg,
  year =         "2001",
  number =       "01-03-08",
}

@TechReport{OMGEventService,
  author =       "OMG",
  title =        "{Event Service Specification}",
  institution =  omg,
  year =         "2001",
  number =       "01-03-01",
}

@TechReport{OMGTradingService,
  author =       "OMG",
  title =        "{Trading Object Service Specification}",
  institution =  omg,
  year =         "2000",
  number =       "00-06-27",
}

@TechReport{OMGNotificationService,
  author =       "OMG",
  title =        "{Notification Service Specification}",
  institution =  omg,
  year =         "2000",
  number =       "00-06-20",
}


% Language Mappings -----------------------------------------------------------

@TechReport{OMGIDL2Java,
  author =       "{OMG}",
  title =        "{IDL to Java Language Mapping Specification}",
  institution =  omg,
  year =         "2001",
  number =       "01-06-06",
}

@TechReport{OMGJava2IDL,
  author =       "{OMG}",
  title =        "{Java Language to IDL Mapping Specification}",
  institution =  omg,
  year =         "2001",
  number =       "01-06-07",
}

@TechReport{OMGIDL2Cpp,
  author =       "{OMG}",
  title =        "{C++ Language Mapping Specification}",
  institution =  omg,
  year =         "1999",
  number =       "99-07-41",
}

@TechReport{OMGIDL2Python,
  author =       "{OMG}",
  title =        "{Python Language Mapping Specification}",
  institution =  omg,
  year =         "2001",
  number =       "01-02-66",
}


% CORBA Modeling --------------------------------------------------------------

@TechReport{OMGUML4CORBA,
  author =       "{OMG}",
  title =        "{UML Profile for CORBA Specification V1.0}",
  institution =  omg,
  year =         "2000",
  number =       "00-10-01",
}






% Books =======================================================================

@Book{henning1999a,
  author =       "Michi Henning and Steve Vinoski",
  title =        "Advanced {CORBA} Programming with {C++}",
  publisher =    aw,
  year =         1999,
  series =       aw-pcs,
  holder =       "book"
}

@Book{Bolton2001,
  author =       "Fintan Bolton",
  title =        "Pure CORBA - A Code-Intensive Premium Referenc",
  publisher =    "SAMS Publishing",
  year =         2001,
  series =       "",
  holder =       ""
}

@Book{BroseVogelDuddy2001,
  author =       "Gerald Brose and Andreas Vogel and Keith Duddy",
  title =        "Java Programming with CORBA",
  publisher =    "OMG Press",
  year =         2001,
  series =       "",
  holder =       "book"
}

@Book{Siegel2001,
  author =       "Jon Siegel",
  title =        "Quick CORBA 3",
  publisher =    "OMG Press",
  year =         2001,
  series =       "",
  holder =       "book"
}


@Manual{OpenORB,
  author =       {Jerome Daniel and Chris Wood},
  title =        {OpenORB Programmers Guide},
  school =       {Exolab},
  address =      {www.openorb.org},
  year =          2000,
}

@Manual{MicoORB,
  author =       {Mico.org},
  title =        {Mico is CORBA, An Open Source CORBA 2.3.6 Implementation},
  school =       {},
  address =      {www.mico.org},
  year =          2001,
}





% Papers ======================================================================

@ARTICLE{ AlmeidaWegdam2001,
   author =     {Joao Paulo A. Almeida, Maarten Wegdam, Marten van Sinderen, Lambert Nieuwenhuis},
   title =      {Transparent Dynamic Reconfiguration for CORBA},
   school =     {Centre for Telematics and Information Technology, Lucebt Technologies},
   address =    {University of Twente, Bell Labs Twente},
   journal =    {3rd International Symposium on Distributed Objects & Applications (DOA)},
   year =       2001,
}


@ARTICLE{ ObjectInterconnections18,
   author =     {Douglas C. Schmidt and Nanbor Wang and Steve Vinoski},
   title =      {Object Interconnections: Collocation Optimization for CORBA},
   school =     {Department of Computer Science, IONA Technologies Inc.},
   address =    {Washington University, Cambridge},
   journal =    {SIGS C++ Report},
   year =       1999,
}


@ARTICLE{ ObjectInterconnectionsMapping,
   author =     {Douglas C. Schmidt and Steve Vinoski},
   title =      {Object Interconnections: Standard C++ and the OMG C++ Mapping},
   school =     {Department of Computer Science, IONA Technologies Inc.},
   address =    {Washington University, Cambridge},
   journal =    {C/C++ Users Journal},
   year =       2000,
}









