%%%%% $Header$

@STRING{IEEE-SE = {IEEE Transactions on Software Engineering}}
@STRING{IEEE-COMP = {IEEE Transactions on Computers}}
@STRING{IEEE-PROC = {Proceedings of the IEEE}}
@STRING{AW = {Addison-Wesely}}
@STRING{AW-addr = {Reading, MA}}
@STRING{OR = {O Reilly \& Associates Inc.}}
@STRING{OR-addr = {Sebastopol, CA}}


@inproceedings{mitterdorfer-kkw:2001,
   author    = {Stefan Mitterdorfer and Christian Kreiner and Zsolt Kovacs and Reinhold Weiss},
   editor    = {},
   title     = {{Dynamic asynchronous method invocation for JAVA applications based on automatically runtime generated proxy classes}},
   booktitle = {IASTED Applied Informatics Conference 2001, Innsbruck, Austria, Feb., 2001},
   pages     = {-},
   year      = {2001},
   publisher = {ACTA Press},
   address   = {Calgary, AB, Canada}
}

@inproceedings{mitterdorfer-tkkw:2002,
   author    = {Stefan Mitterdorfer and Egon Teiniker and Christian Kreiner and Zsolt Kov\'acs and Reinhold Weiss},
   editor    = {Rex Gantenbein and Sung Y. Shin},
   title     = {{A UML Model to Relational Database Mapping for Dynamic CORBA Component Model Persistency}},
   booktitle = {17th Intl. Conference on Computers and Their Applications, San Francisco, CA, April 4-6, 2002},
   pages     = {43-48},
   year      = {2002},
   publisher = {ISCA},
   address   = {Cary, NC}
}


@inproceedings{teiniker-mkkw:2002,
   author    = {Egon Teiniker and Stefan Mitterdorfer and Christian Kreiner and Zsolt Kov\'acs and Reinhold Weiss},
   editor    = {Ivica Crnkovic and Gerhard Fohler},
   title     = {{Local Components and Reuse of Legacy Code in the CORBA Component Model}},
   booktitle = {EUROMICRO 2002, Component-Based Software Engineering Track, Dortmund, Germany, Sept. 4-6, 2002},
   pages     = {4-9},
   year      = {2002},
   publisher = {IEEE Computer Society},
   address   = {Los Alamitos, CA}
}




